
@book{yong_stochastic_1999,
	location = {New York},
	title = {Stochastic controls: Hamiltonian systems and {HJB} equations},
	isbn = {978-0-387-98723-1},
	series = {Applications of mathematics},
	shorttitle = {Stochastic controls},
	pagetotal = {438},
	number = {43},
	publisher = {Springer},
	author = {Yong, J. and Zhou, Xun Yu},
	date = {1999},
	langid = {english},
	keywords = {Hamilton-Jacobi equations, Hamiltonian systems, Mathematical optimization, Stochastic control theory},
	file = {Yong y Zhou - 1999 - Stochastic controls Hamiltonian systems and HJB e.pdf:/home/carlos/Zotero/storage/BRVMD8JT/Yong y Zhou - 1999 - Stochastic controls Hamiltonian systems and HJB e.pdf:application/pdf},
}

@book{pham_continuous-time_2009,
	location = {Berlin, Heidelberg},
	title = {Continuous-time Stochastic Control and Optimization with Financial Applications},
	volume = {61},
	isbn = {978-3-540-89499-5 978-3-540-89500-8},
	url = {https://link.springer.com/10.1007/978-3-540-89500-8},
	series = {Stochastic Modelling and Applied Probability},
	publisher = {Springer Berlin Heidelberg},
	author = {Pham, HuyÃªn},
	urldate = {2023-02-28},
	date = {2009},
	langid = {english},
	doi = {10.1007/978-3-540-89500-8},
	file = {Pham - 2009 - Continuous-time Stochastic Control and Optimizatio.pdf:/home/carlos/Zotero/storage/XKHCZZK5/Pham - 2009 - Continuous-time Stochastic Control and Optimizatio.pdf:application/pdf},
}
