
@book{karatzas_brownian_1996,
	location = {New York},
	edition = {2nd ed},
	title = {Brownian motion and stochastic calculus},
	isbn = {978-0-387-97655-6 978-3-540-97655-4},
	series = {Graduate texts in mathematics},
	pagetotal = {470},
	number = {113},
	publisher = {Springer},
	author = {Karatzas, Ioannis and Shreve, Steven E.},
	date = {1996},
	langid = {english},
	keywords = {Brownian motion processes, Stochastic analysis},
	file = {Karatzas y Shreve - 1996 - Brownian motion and stochastic calculus.pdf:/home/carlos/Zotero/storage/338KR42L/Karatzas y Shreve - 1996 - Brownian motion and stochastic calculus.pdf:application/pdf},
}

@book{cohen_stochastic_2015,
	location = {New York, {NY}},
	title = {Stochastic Calculus and Applications},
	isbn = {978-1-4939-2866-8 978-1-4939-2867-5},
	url = {https://link.springer.com/10.1007/978-1-4939-2867-5},
	series = {Probability and Its Applications},
	publisher = {Springer New York},
	author = {Cohen, Samuel N. and Elliott, Robert J.},
	urldate = {2023-03-04},
	date = {2015},
	langid = {english},
	doi = {10.1007/978-1-4939-2867-5},
	file = {Cohen y Elliott - 2015 - Stochastic Calculus and Applications.pdf:/home/carlos/Zotero/storage/TPETCKNX/Cohen y Elliott - 2015 - Stochastic Calculus and Applications.pdf:application/pdf},
}

@book{grimmett_probability_2020,
	location = {{NEW} {YORK}},
	edition = {4},
	title = {Probability and random processes fourth edition},
	isbn = {978-0-19-884760-1 978-0-19-884761-8},
	publisher = {{OXFORD} {UNIVERSITY} {PRESS}},
	author = {Grimmett, Geoffrey R. and Stirzaker, David R.},
	date = {2020},
	langid = {english},
	file = {Grimmett y Stirzaker - 2020 - Probability and random processes fourth edition.pdf:/home/carlos/Zotero/storage/3ST2PZ7W/Grimmett y Stirzaker - 2020 - Probability and random processes fourth edition.pdf:application/pdf},
}

@book{cinlar_probability_2011,
	location = {New York, {NY}},
	title = {Probability and Stochastics},
	volume = {261},
	isbn = {978-0-387-87858-4 978-0-387-87859-1},
	url = {https://link.springer.com/10.1007/978-0-387-87859-1},
	series = {Graduate Texts in Mathematics},
	publisher = {Springer New York},
	author = {Çinlar, Erhan},
	urldate = {2023-03-04},
	date = {2011},
	langid = {english},
	doi = {10.1007/978-0-387-87859-1},
	file = {Çinlar - 2011 - Probability and Stochastics.pdf:/home/carlos/Zotero/storage/CYKAUBLG/Çinlar - 2011 - Probability and Stochastics.pdf:application/pdf},
}

@article{durrett_probability_nodate,
	title = {Probability: Theory and Examples, Fourth Edition},
	author = {Durrett, Rick},
	langid = {english},
	file = {Durrett - Probability Theory and Examples, Fourth Edition.pdf:/home/carlos/Zotero/storage/9CBQUDK3/Durrett - Probability Theory and Examples, Fourth Edition.pdf:application/pdf},
}

@book{grimmett_probability_2020-1,
	location = {{NEW} {YORK}},
	edition = {4},
	title = {Probability and random processes fourth edition},
	isbn = {978-0-19-884760-1 978-0-19-884761-8},
	publisher = {{OXFORD} {UNIVERSITY} {PRESS}},
	author = {Grimmett, Geoffrey R. and Stirzaker, David R.},
	date = {2020},
	langid = {english},
	file = {Grimmett y Stirzaker - 2020 - Probability and random processes fourth edition.pdf:/home/carlos/Zotero/storage/TFVBRPSU/Grimmett y Stirzaker - 2020 - Probability and random processes fourth edition.pdf:application/pdf},
}

@book{klenke_probability_2020,
	location = {Cham},
	title = {Probability Theory: A Comprehensive Course},
	isbn = {978-3-030-56401-8 978-3-030-56402-5},
	url = {https://link.springer.com/10.1007/978-3-030-56402-5},
	series = {Universitext},
	shorttitle = {Probability Theory},
	publisher = {Springer International Publishing},
	author = {Klenke, Achim},
	urldate = {2023-03-04},
	date = {2020},
	langid = {english},
	doi = {10.1007/978-3-030-56402-5},
	file = {Klenke - 2020 - Probability Theory A Comprehensive Course.pdf:/home/carlos/Zotero/storage/UPEU63SQ/Klenke - 2020 - Probability Theory A Comprehensive Course.pdf:application/pdf},
}

@book{gut_probability_2013,
	location = {New York, {NY}},
	title = {Probability: A Graduate Course: A Graduate Course},
	volume = {75},
	isbn = {978-1-4614-4707-8 978-1-4614-4708-5},
	url = {https://link.springer.com/10.1007/978-1-4614-4708-5},
	series = {Springer Texts in Statistics},
	shorttitle = {Probability},
	publisher = {Springer New York},
	author = {Gut, Allan},
	urldate = {2023-03-04},
	date = {2013},
	langid = {english},
	doi = {10.1007/978-1-4614-4708-5},
	file = {Gut - 2013 - Probability A Graduate Course A Graduate Course.pdf:/home/carlos/Zotero/storage/4PUMHIYT/Gut - 2013 - Probability A Graduate Course A Graduate Course.pdf:application/pdf},
}

@book{le_gall_brownian_2016,
	location = {Cham},
	title = {Brownian Motion, Martingales, and Stochastic Calculus},
	volume = {274},
	isbn = {978-3-319-31088-6 978-3-319-31089-3},
	url = {http://link.springer.com/10.1007/978-3-319-31089-3},
	series = {Graduate Texts in Mathematics},
	publisher = {Springer International Publishing},
	author = {Le Gall, Jean-François},
	urldate = {2023-03-04},
	date = {2016},
	langid = {english},
	doi = {10.1007/978-3-319-31089-3},
	file = {Le Gall - 2016 - Brownian Motion, Martingales, and Stochastic Calcu.pdf:/home/carlos/Zotero/storage/SFKHTIBV/Le Gall - 2016 - Brownian Motion, Martingales, and Stochastic Calcu.pdf:application/pdf},
}

@book{protter_stochastic_2004,
	location = {Berlin ; New York},
	edition = {2nd ed},
	title = {Stochastic integration and differential equations},
	isbn = {978-3-540-00313-7},
	series = {Applications of mathematics},
	pagetotal = {415},
	number = {21},
	publisher = {Springer},
	author = {Protter, Philip E.},
	date = {2004},
	langid = {english},
	keywords = {Stochastic differential equations, Martingales (Mathematics), Stochastic integrals},
	file = {Protter - 2004 - Stochastic integration and differential equations.pdf:/home/carlos/Zotero/storage/MKZW7KWS/Protter - 2004 - Stochastic integration and differential equations.pdf:application/pdf},
}

@book{mao_stochastic_2008,
	location = {Chichester},
	edition = {2nd ed},
	title = {Stochastic differential equations and applications},
	isbn = {978-1-904275-34-3},
	pagetotal = {422},
	publisher = {Horwood Pub},
	author = {Mao, Xuerong},
	date = {2008},
	langid = {english},
	note = {{OCLC}: ocn176925635},
	keywords = {Stochastic differential equations},
	file = {Mao - 2008 - Stochastic differential equations and applications.pdf:/home/carlos/Zotero/storage/ZXFKXEYC/Mao - 2008 - Stochastic differential equations and applications.pdf:application/pdf},
}

@book{klebaner_introduction_2005,
	location = {London ; Hackensack, N.J},
	edition = {2nd ed},
	title = {Introduction to stochastic calculus with applications},
	isbn = {978-1-86094-555-7 978-1-86094-566-3},
	pagetotal = {416},
	publisher = {Imperial College Press},
	author = {Klebaner, Fima C.},
	date = {2005},
	langid = {english},
	note = {{OCLC}: ocm61263806},
	keywords = {Stochastic analysis, Calculus},
	file = {Klebaner - 2005 - Introduction to stochastic calculus with applicati.pdf:/home/carlos/Zotero/storage/KRK6ARX8/Klebaner - 2005 - Introduction to stochastic calculus with applicati.pdf:application/pdf},
}

@book{baldi_stochastic_2017,
	location = {Cham},
	title = {Stochastic Calculus},
	isbn = {978-3-319-62225-5 978-3-319-62226-2},
	url = {http://link.springer.com/10.1007/978-3-319-62226-2},
	series = {Universitext},
	publisher = {Springer International Publishing},
	author = {Baldi, Paolo},
	urldate = {2023-03-04},
	date = {2017},
	langid = {english},
	doi = {10.1007/978-3-319-62226-2},
	file = {Baldi - 2017 - Stochastic Calculus.pdf:/home/carlos/Zotero/storage/QLZ3JJVC/Baldi - 2017 - Stochastic Calculus.pdf:application/pdf},
}

@book{billingsley_probability_1995,
	location = {New York},
	edition = {3rd ed},
	title = {Probability and measure},
	isbn = {978-0-471-00710-4},
	series = {Wiley series in probability and mathematical statistics},
	pagetotal = {593},
	publisher = {Wiley},
	author = {Billingsley, Patrick},
	date = {1995},
	langid = {english},
	keywords = {Measure theory, Probabilities},
	file = {Billingsley - 1995 - Probability and measure.pdf:/home/carlos/Zotero/storage/RZIB24JI/Billingsley - 1995 - Probability and measure.pdf:application/pdf},
}
